<?xml version="1.0" encoding="UTF-8"?><collection xmlns="http://www.loc.gov/MARC21/slim"><record><leader>00354nam--2200133-i-4500</leader><controlfield tag="001">000046875</controlfield><controlfield tag="002">20161230</controlfield><controlfield tag="005">20161230201046</controlfield><controlfield tag="008">060222s1000------------r-----000-0-eng-d</controlfield><datafield ind1="1" ind2="0" tag="100"><subfield code="a">Wang, Hao</subfield></datafield><datafield ind1="1" ind2=" " tag="245"><subfield code="a">A survey of mathematical logic</subfield></datafield><datafield ind1=" " ind2=" " tag="260"><subfield code="a">Amsterdam, North-holland Publ.Co., 1964, X+651p</subfield></datafield><datafield ind1=" " ind2=" " tag="852"><subfield code="a">19679</subfield><subfield code="c">517.11</subfield></datafield><datafield ind1=" " ind2=" " tag="CAT"><subfield code="a">Sys</subfield><subfield code="c">20080715</subfield><subfield code="h">122810</subfield></datafield></record></collection>